<record><leader>00000cas a22000007a 4500</leader><controlfield tag="001">9870215</controlfield><controlfield tag="008">830901d18701874nyuwr ne      0    0eng d</controlfield><datafield ind1=" " ind2=" " tag="010"><subfield code="a">sn 83031382 </subfield></datafield><datafield ind1=" " ind2=" " tag="040"><subfield code="a">NPU</subfield><subfield code="b">eng</subfield><subfield code="c">NPU</subfield><subfield code="d">NPX</subfield><subfield code="d">DLC</subfield><subfield code="d">NYS</subfield><subfield code="d">OCLCQ</subfield><subfield code="d">NYG</subfield><subfield code="d">OCLCF</subfield></datafield><datafield ind1="1" ind2=" " tag="029"><subfield code="a">AU@</subfield><subfield code="b">000024692070</subfield></datafield><datafield ind1=" " ind2=" " tag="042"><subfield code="a">msc</subfield></datafield><datafield ind1="0" ind2=" " tag="130"><subfield code="a">Otsego Democrat (Oneonta, N.Y.)</subfield></datafield><datafield ind1="0" ind2="4" tag="245"><subfield code="a">The Otsego Democrat.</subfield></datafield><datafield ind1=" " ind2=" " tag="260"><subfield code="a">Oneonta, N.Y. :</subfield><subfield code="b">G.A. Dodge</subfield></datafield><datafield ind1=" " ind2=" " tag="300"><subfield code="a">v. ;</subfield><subfield code="c">57 cm.</subfield></datafield><datafield ind1=" " ind2=" " tag="310"><subfield code="a">Weekly</subfield></datafield><datafield ind1="0" ind2=" " tag="362"><subfield code="a">Vol. 1, no. 45 (Apr. 9, 1870)-</subfield></datafield><datafield ind1="1" ind2=" " tag="362"><subfield code="a">Ceased in 1874.</subfield><subfield code="z">Cf. Faibisoff, S.G. Bibl. of newspapers in 14 N.Y. counties.</subfield></datafield><datafield ind1=" " ind2=" " tag="500"><subfield code="a">Publisher varies: G.A. Dodge, 1870-&lt;Oct. 7, 1871&gt;; W.H. Jefferson, &lt;Jan. 11, 1873&gt;.</subfield></datafield><datafield ind1=" " ind2="0" tag="651"><subfield code="a">Oneonta (N.Y.)</subfield><subfield code="v">Newspapers.</subfield></datafield><datafield ind1=" " ind2="7" tag="655"><subfield code="a">Newspapers.</subfield><subfield code="2">fast</subfield><subfield code="0">(OCoLC)fst01423814</subfield></datafield><datafield ind1=" " ind2="7" tag="651"><subfield code="a">New York (State)</subfield><subfield code="z">Oneonta.</subfield><subfield code="2">fast</subfield><subfield code="0">(OCoLC)fst01205347</subfield></datafield><datafield ind1=" " ind2=" " tag="752"><subfield code="a">United States</subfield><subfield code="b">New York</subfield><subfield code="c">Otsego</subfield><subfield code="d">Oneonta.</subfield></datafield><datafield ind1="0" ind2="0" tag="780"><subfield code="t">Home and abroad (Oneonta, N.Y.)</subfield><subfield code="w">(DLC)sn 93063912</subfield><subfield code="w">(OCoLC)28470349</subfield></datafield><datafield ind1="0" ind2="7" tag="785"><subfield code="t">Oneonta herald (Oneonta, N.Y. : 1853)</subfield><subfield code="w">(DLC)sn 83031383</subfield><subfield code="w">(OCoLC)9870203</subfield></datafield><datafield ind1="0" ind2="7" tag="785"><subfield code="t">Oneonta herald and Democrat</subfield><subfield code="w">(DLC)sn 85026889</subfield><subfield code="w">(OCoLC)12726472</subfield></datafield></record>